<record><leader>00000cas a22000007a 4500</leader><controlfield tag="001">20766934</controlfield><controlfield tag="008">891211d19431961ohudn ne      0    0eng d</controlfield><datafield ind1=" " ind2=" " tag="010"><subfield code="a">sn 89075096 </subfield></datafield><datafield ind1=" " ind2=" " tag="040"><subfield code="a">ONP</subfield><subfield code="b">eng</subfield><subfield code="c">ONP</subfield><subfield code="d">OCLCQ</subfield></datafield><datafield ind1=" " ind2=" " tag="042"><subfield code="a">msc</subfield></datafield><datafield ind1="0" ind2="0" tag="245"><subfield code="a">Fostoria review times.</subfield></datafield><datafield ind1=" " ind2=" " tag="260"><subfield code="a">Fostoria, Ohio :</subfield><subfield code="b">Fostoria Daily Review Co.,</subfield><subfield code="c">1943-1961.</subfield></datafield><datafield ind1=" " ind2=" " tag="300"><subfield code="a">v.</subfield></datafield><datafield ind1=" " ind2=" " tag="310"><subfield code="a">Daily (except Sun.)</subfield></datafield><datafield ind1="0" ind2=" " tag="362"><subfield code="a">Aug. 30, 1943-Dec. 30, 1961.</subfield></datafield><datafield ind1=" " ind2=" " tag="588"><subfield code="a">Description based on: July 7, 1954 issue.</subfield></datafield><datafield ind1=" " ind2=" " tag="752"><subfield code="a">United States</subfield><subfield code="b">Ohio</subfield><subfield code="c">Seneca</subfield><subfield code="d">Fostoria.</subfield></datafield><datafield ind1="0" ind2="0" tag="780"><subfield code="t">Fostoria daily review (Fostoria, Ohio : 1909)</subfield><subfield code="w">(DLC)sn 87076656</subfield></datafield><datafield ind1="0" ind2="0" tag="785"><subfield code="t">Review times</subfield><subfield code="w">(DLC)sn 87076657</subfield></datafield><datafield ind1="1" ind2=" " tag="029"><subfield code="a">AU@</subfield><subfield code="b">000025876959</subfield></datafield></record>